@book{Sagan,
  author    = "Sagan, Carl",
  title     = "Cosmos",
  year      = "1980",
  publisher = "Random House",
}
@misc{Feynman74,
  title   = "Cargo Cult Science",
  author  = "Richard Feynman",
  url     = "http://calteches.library.caltech.edu/51/2/CargoCult.htm",
  urldate = "December 2018",
  year    = "1974",
}
